<record xmlns="http://www.loc.gov/MARC21/slim" xmlns:xsi="http://www.w3.org/2001/XMLSchema-instance" xsi:schemaLocation="http://www.loc.gov/MARC21/slim http://www.loc.gov/standards/marcxml/schema/MARC21slim.xsd"><leader>01185nz   2200205n  4500</leader><controlfield tag="001">oca03894523 </controlfield><controlfield tag="005">19950809054728.2</controlfield><controlfield tag="008">950807n| acannaab|          |a aaa     c</controlfield><datafield ind1=" " ind2=" " tag="010"><subfield code="a">nr 95028969 </subfield></datafield><datafield ind1=" " ind2=" " tag="040"><subfield code="a">NNC</subfield><subfield code="c">NNC</subfield></datafield><datafield ind1="0" ind2=" " tag="100"><subfield code="a">Bruttedius Niger,</subfield><subfield code="d">ca. 6 B.C.-31 A.D.</subfield></datafield><datafield ind1="0" ind2=" " tag="400"><subfield code="a">Bruttidius Niger,</subfield><subfield code="d">ca. 6 B.C.-31 A.D.</subfield></datafield><datafield ind1="1" ind2=" " tag="400"><subfield code="a">Niger, Bruttedius,</subfield><subfield code="d">ca. 6 B.C.-31 A.D.</subfield></datafield><datafield ind1="1" ind2=" " tag="400"><subfield code="a">Niger, Brutidius,</subfield><subfield code="d">ca. 6 B.C.-31 A.D.</subfield></datafield><datafield ind1=" " ind2=" " tag="670"><subfield code="a">His Historiae [CF] 1991:</subfield><subfield code="b">PHI CD ROM #5.3, Latin Canon, bibliographic screen (Bruttedius Niger)</subfield></datafield><datafield ind1=" " ind2=" " tag="670"><subfield code="a">Pauly-Wissowa:</subfield><subfield code="b">5. Halbbd., col. 907; "Bruttedius", #2 (Bruttedius Niger; historian; aedile, 22 A.D.)</subfield></datafield><datafield ind1=" " ind2=" " tag="670"><subfield code="a">Dict. of Greek and Roman biography and mythology, 1967:</subfield><subfield code="b">v. 2, p. 1201 (Niger, Brutidius; aedile 22 A.D.; spoken of in Juvenal in his account of the fall of Sejanus; cited by the elder Seneca on the death of Cicero)</subfield></datafield><datafield ind1=" " ind2=" " tag="670"><subfield code="a">Oxford class. dict., 1st ed.:</subfield><subfield code="b">p. 148 (Bruttedius (Bruttidius) Niger; aedile A.D. 22)</subfield></datafield><datafield ind1=" " ind2=" " tag="670"><subfield code="a">Peter, H. Historicorum romanorum reliquiae, 1906:</subfield><subfield code="b">p. cxvi (Bruttedius or Bruttidius Niger; b. before 6 B.C.; aedile 22 A.D.; killed for being a friend of Sejanus, 31 A.D.)</subfield></datafield><datafield ind1=" " ind2=" " tag="675"><subfield code="a">NUC pre-56.</subfield></datafield></record>